@book{spivak_calculus_es,
  title     = {Calculus},
  author    = {Michael Spivak},
  year      = {2015},
  edition   = {3},
  publisher = {Reverté},
  isbn      = {978842915182-4},
}


@book{paez_calculo,
  title     = {Cálculo diferencial de varias variables},
  author    = {Javier Páez},
  year      = {2017},
  publisher = {Prensas de Ciencias},
  isbn      = {978-607-02-9887-5},
}

@book{friedberg_algebra,
  title     = {Linear Algebra},
  author    = {Stephen H. Friedberg and Arnold J. Insel and Lawrence E. Spence},
  year      = {2003},
  edition   = {4},
  publisher = {Pearson},
  isbn      = {9786073272078},
}


@book{KolmogorovFomin1975,
  author    = {A. N. Kolmogorov and S. V. Fomin},
  title     = {Introductory Real Analysis},
  publisher = {Dover Publications},
  year      = {1975},
  address   = {New York},
  isbn      = {978-0486612263}
}

@book{clapp,
  title        = {Análisis matemático},
  author       = {Mónica Clapp},
  year         = {2015},
  publisher    = {papirhos, IM-UNAM},
  address      = {México}
}

@book{shirali2006metric,
  title={Metric Spaces},
  author={Shirali, Satish and Vasudeva, Harkrishan L.},
  year={2006},
  publisher={Springer-Verlag},
  address={London}
}

@book{van-brunt-2003,
	author = {Van Brunt, Bruce},
	title = {The calculus of variations},
	year = {2003},
    publisher = {Springer},
	url = {https://doi.org/10.1007/b97436},
}

@book{arnold-1989,
	author = { V. I. Arnold},
	title = {Mathematical Methods of Classical Mechanics},
	year = {1989},
    publisher = {Springer},
    edition = {2},
	url = {https://doi.org/10.1007/978-1-4757-2063-1},
}

@book{Hall,
	author = {Hall C. },
	title = {Quantum Theory for Mathematicians},
	year = {2013},
    publisher = {Springer},
	url = {https://doi.org/10.1007/978-1-4614-7116-5},
}

@book{viniegra-1,
	author = {Fermín Viniegra },
	title = {Mecnica},
    subtitle = {Libro 1},
    volume = {1},
	year = {2019},
    publisher = {Prensas de Ciencias},
    edition = {2},
	isbn = {9786073022583},
}

@book{viniegra-2,
	author = {Fermín Viniegra },
	title = {Mecnica},
    subtitle = {Libro 2},
    volume = {2},
	year = {2021},
    publisher = {Prensas de Ciencias},
    edition = {2},
	isbn = {9786073044851},
}

@book{viniegra-3,
	author = {Fermín Viniegra },
	title = {Mecnica},
    subtitle = {Libro 3},
    volume = {3},
	year = {2021},
    publisher = {Prensas de Ciencias},
    edition = {2},
	isbn = {9786073045582},
}

@book{do_Carmo-R,
	author = {do Carmo M. P. },
	title = {Riemannian Geometry},
	year = {1992},
    publisher = {Birkhäuser},
    isbn = {9780817634902},
}


@book{Ize,
	author = {Ize, Jorge},
	title = {Cálculo de Variaciones},
	year = {2002},
    publisher = {UNAM},
}

@book{pena2010,
  title        = {Introducción a la mecánica cuántica},
  author       = {Luis de la Peña},
  year         = {2010},
  publisher    = {Fondo de Cultura Económica},
  address      = {México},
  series       = {Ediciones Científicas Universitarias},
  edition      = {3},
  isbn         = {9786071601766},
  url          = {https://www.fondodeculturaeconomica.com/Ficha/9786071601766/F}
}

@book{nahmad,
  title        = {Topología y geometría diferencial con aplicaciones a la física},
  author       = {E. Nahmad-Achar},
  year         = {2022},
  publisher    = {UNAM},
  isbn         = {9786073062282},
  url          = {https://www.libros.unam.mx/topologia-y-geometria-diferencial-con-aplicaciones-a-la-fisica-9786073062282-ebook.html}
}


@book{castellet_algebra,
  title     = {Álgebra lineal y geometría},
  author    = {Manuel Castellet},
  year      = {1991},
  publisher = {Reverté},
  isbn      = {9788429140736},
}
